<?xml version="1.0" encoding="UTF-8"?>
<collection>
    <record>
        <leader>03282nam  2200721Ki 4500</leader>
        <controlfield tag="008">170906s2016    fr mun| o         e zxx d</controlfield>
        <controlfield tag="001">990027185640106761</controlfield>
        <datafield tag="050" ind1=" " ind2="0">
            <subfield code="a">MA123.4</subfield>
            <subfield code="a">LC Call Number 2</subfield>
        </datafield>
        <datafield tag="050" ind1=" " ind2="0">
            <subfield code="a">LC Call Number 3</subfield>
        </datafield>
        <datafield tag="082" ind1="0" ind2=" ">
            <subfield code="a">123.45</subfield>
            <subfield code="a">Dewey Call Number 2</subfield>
        </datafield>
        <datafield tag="082" ind1="0" ind2=" ">
            <subfield code="a">Dewey Call Number 3</subfield>
        </datafield>
        <datafield tag="100" ind1="1" ind2=" ">
            <subfield code="a">Tran, Phong,</subfield>
            <subfield code="e">composer,</subfield>
            <subfield code="e">performer.</subfield>
        </datafield>
        <datafield tag="110" ind1="2" ind2=" ">
            <subfield code="a">Ceeys (Musical group),</subfield>
            <subfield code="e">composer,</subfield>
            <subfield code="e">performer.</subfield>
        </datafield>
        <datafield tag="111" ind1="2" ind2=" ">
            <subfield code="a">Theory of Cryptography Conference</subfield>
            <subfield code="n">(5th :</subfield>
            <subfield code="d">2008 :</subfield>
            <subfield code="c">New York, N.Y.)</subfield>
        </datafield>
        <datafield tag="130" ind1="0" ind2="0">
            <subfield code="a">Main Entry</subfield>
            <subfield code="d">Date 1</subfield>
            <subfield code="d">Date 2</subfield>
        </datafield>
        <datafield tag="240" ind1="0" ind2="0">
            <subfield code="a">Uniform</subfield>
            <subfield code="d">Date 1</subfield>
            <subfield code="d">Date 2</subfield>
        </datafield>
        <datafield tag="245" ind1="0" ind2="0">
            <subfield code="a">Célébration :</subfield>
            <subfield code="b">10 siècles de musique de noël.</subfield>
        </datafield>
        <datafield tag="246" ind1="0" ind2="0">
            <subfield code="a">Varying Form</subfield>
            <subfield code="b">Of Title 1.</subfield>
        </datafield>
        <datafield tag="246" ind1="0" ind2="0">
            <subfield code="a">Varying Form</subfield>
            <subfield code="b">Of Title 2.</subfield>
        </datafield>
        <datafield tag="250" ind1=" " ind2=" ">
            <subfield code="a">9th ed. /</subfield>
            <subfield code="b">Nick Ray ... [et al.].</subfield>
        </datafield>
        <datafield tag="250" ind1=" " ind2=" ">
            <subfield code="a">Unabridged.</subfield>
        </datafield>
        <datafield tag="264" ind1=" " ind2="1">
            <subfield code="a">France :</subfield>
            <subfield code="b">Aparte,</subfield>
            <subfield code="c">[2016]</subfield>
        </datafield>
        <datafield tag="300" ind1=" " ind2=" ">
            <subfield code="a">484 p. :</subfield>
            <subfield code="b">ill. ;</subfield>
            <subfield code="c">30 cm. +</subfield>
            <subfield code="e">1 CD-ROM (4 3/4 in.).</subfield>
            <subfield code="e">1 DVD-ROM (4 3/4 in.).</subfield>
        </datafield>
        <datafield tag="300" ind1=" " ind2=" ">
            <subfield code="a">1 vocal score (248 p.) ;</subfield>
            <subfield code="c">31 cm.</subfield>
        </datafield>
        <datafield tag="310" ind1=" " ind2=" ">
            <subfield code="a">Six no. a year</subfield>
        </datafield>
        <datafield tag="310" ind1=" " ind2=" ">
            <subfield code="a">Three times a year</subfield>
        </datafield>
        <datafield tag="362" ind1="0" ind2=" ">
            <subfield code="a">-Bd. 148, 4 (dez. 1997).</subfield>
        </datafield>
        <datafield tag="362" ind1="1" ind2=" ">
            <subfield code="a">Began in 1902.</subfield>
        </datafield>
        <datafield tag="505" ind1="0" ind2=" ">
            <subfield code="a">Die Seejungfrau : sinfonische Dichtung : (Fantasie nach Hans Christian Andersen) (44:29) -- Sinfonietta, op. 23 (22:05).</subfield>
        </datafield>
        <datafield tag="505" ind1="0" ind2="0">
            <subfield code="t">Wesendonck-Lieder WWV 91 /</subfield>
            <subfield code="r">Richard Wagner</subfield>
            <subfield code="g">(20:45) --</subfield>
            <subfield code="t">Rückert-Lieder /</subfield>
            <subfield code="r">Gustav Mahler</subfield>
            <subfield code="g">(19:33).</subfield>
        </datafield>
        <datafield tag="520" ind1=" " ind2=" ">
            <subfield code="a">This safety guide provides guidance on meeting the requirements for the establishment of radiation protection programs (RPPs) for the transport of radioactive material, to optimize radiation protection in order to meet the requirements for radiation protection that underlie the Regulations for the Safe Transport of Radioactive Material. It covers general aspects of meeting the requirements for radiation protection, but does not cover criticality safety or other possible hazardous properties of radioactive material. The annexes of this guide include examples of RPPs, relevant excerpts from the Transport Regulations, examples of total dose per transport index handled, a checklist for road transport, specific segregation distances and emergency instructions for vehicle operators.--Publisher's description.</subfield>
        </datafield>
        <datafield tag="520" ind1=" " ind2=" ">
            <subfield code="a">It is only since the bel canto era in the 19th century that the tenor voice really took off as a leading character in operatic roles, often playing the heroic figure against a love-interest soprano and a villain baritone. This collection of some of opera's most iconic arias takes us from the dark emotional crises of Leoncavallo's Pagliacci and Puccini's Tosca, to the seductive Rodolfo in La Bohème and Donizetti's show-stopping hich Cs in La Fille du régiment. Tenor showpieces that are so famous they have taken on a life of their own include 'Nessun dorma', made immortal by The Three Tenors at the 1990 World Cup.</subfield>
        </datafield>
        <datafield tag="600" ind1="1" ind2="0">
            <subfield code="a">Renoir, Jean,</subfield>
            <subfield code="d">1894-1979</subfield>
            <subfield code="v">Bibliography.</subfield>
        </datafield>
        <datafield tag="600" ind1="1" ind2="7">
            <subfield code="a">Renoir, Jean,</subfield>
            <subfield code="d">1894-1979.</subfield>
        </datafield>
        <datafield tag="610" ind1="1" ind2="0">
            <subfield code="a">United States.</subfield>
            <subfield code="b">Federal Bureau of Investigation</subfield>
            <subfield code="x">History.</subfield>
        </datafield>
        <datafield tag="610" ind1="1" ind2="7">
            <subfield code="a">United States.</subfield>
            <subfield code="b">Federal Bureau of Investigation.</subfield>
        </datafield>
        <datafield tag="650" ind1=" " ind2="6">
            <subfield code="a">Musique vocale sacrée</subfield>
            <subfield code="z">France</subfield>
            <subfield code="y">500-1400.</subfield>
        </datafield>
        <datafield tag="650" ind1=" " ind2="0">
            <subfield code="a">Sacred songs, Unaccompanied.</subfield>
        </datafield>
        <datafield tag="651" ind1=" " ind2="0">
            <subfield code="a">Great Plains</subfield>
            <subfield code="x">Climate.</subfield>
        </datafield>
        <datafield tag="651" ind1=" " ind2="7">
            <subfield code="a">Great Plains.</subfield>
        </datafield>
        <datafield tag="700" ind1="1" ind2=" ">
            <subfield code="a">Binelli, Daniel,</subfield>
            <subfield code="e">arranger of music,</subfield>
            <subfield code="e">composer,</subfield>
            <subfield code="e">instrumentalist.</subfield>
        </datafield>
        <datafield tag="700" ind1="1" ind2=" ">
            <subfield code="a">Isaac, Eduardo Elias,</subfield>
            <subfield code="e">arranger of music,</subfield>
            <subfield code="e">instrumentalist.</subfield>
        </datafield>
        <datafield tag="700" ind1="1" ind2=" ">
            <subfield code="a">Isaac, Eduardo Elias,</subfield>
        </datafield>
        <datafield tag="710" ind1="2" ind2=" ">
            <subfield code="a">Divinerinnen (Musical group),</subfield>
            <subfield code="e">arranger of music,</subfield>
            <subfield code="e">instrumentalist.</subfield>
        </datafield>
        <datafield tag="710" ind1="2" ind2=" ">
            <subfield code="a">Motörhead (Musical group),</subfield>
            <subfield code="e">arranger of music,</subfield>
            <subfield code="e">instrumentalist.</subfield>
        </datafield>
        <datafield tag="711" ind1="2" ind2=" ">
            <subfield code="a">Bayreuther Festspiele.</subfield>
            <subfield code="e">Orchester,</subfield>
            <subfield code="e">instrumentalist.</subfield>
        </datafield>
        <datafield tag="711" ind1="2" ind2=" ">
            <subfield code="a">Bayreuther Festspiele.</subfield>
            <subfield code="e">Chor,</subfield>
            <subfield code="e">singer.</subfield>
        </datafield>
        <datafield tag="730" ind1="0" ind2="0">
            <subfield code="a">Added Entry 1</subfield>
            <subfield code="n">Part 1</subfield>
            <subfield code="n">Part 2</subfield>
        </datafield>
        <datafield tag="730" ind1="0" ind2="0">
            <subfield code="a">Added Entry 2</subfield>
            <subfield code="n">Part 1</subfield>
            <subfield code="n">Part 2</subfield>
        </datafield>
        <datafield tag="740" ind1="0" ind2="0">
            <subfield code="a">Added Entry 1</subfield>
            <subfield code="n">Part 1</subfield>
            <subfield code="n">Part 2</subfield>
        </datafield>
        <datafield tag="740" ind1="0" ind2="0">
            <subfield code="a">Added Entry 2</subfield>
            <subfield code="n">Part 1</subfield>
            <subfield code="n">Part 2</subfield>
        </datafield>
        <datafield tag="751" ind1=" " ind2=" ">
            <subfield code="a">Germany</subfield>
        </datafield>
        <datafield tag="751" ind1=" " ind2=" ">
            <subfield code="a">Austria</subfield>
        </datafield>
        <datafield tag="752" ind1=" " ind2=" ">
            <subfield code="a">Africa</subfield>
            <subfield code="g">Nile River</subfield>
            <subfield code="g">Sixth Cataract.</subfield>
        </datafield>
        <datafield tag="752" ind1=" " ind2=" ">
            <subfield code="a">Austria</subfield>
            <subfield code="d">Vienna</subfield>
        </datafield>
    </record>
</collection>